@Article{Wickham:2009,
  author = {Wickham, Hadley},
  title = {\pkg{ggplot2}: Elegant Graphics for Data Analysis},
  journal={Media},
  volume={35},
  number={211},
  pages={10--1007},
  year={2009},
  publisher={Springer},
  doi = {10.1007/978-0-387-98141-3},
}

